%YAML 1.1
%TAG !u! tag:unity3d.com,2011:
--- !u!29 &1
OcclusionCullingSettings:
  m_ObjectHideFlags: 0
  serializedVersion: 2
  m_OcclusionBakeSettings:
    smallestOccluder: 5
    smallestHole: 0.25
    backfaceThreshold: 100
  m_SceneGUID: 00000000000000000000000000000000
  m_OcclusionCullingData: {fileID: 0}
--- !u!104 &2
RenderSettings:
  m_ObjectHideFlags: 0
  serializedVersion: 7
  m_Fog: 0
  m_FogColor: {r: 0.5, g: 0.5, b: 0.5, a: 1}
  m_FogMode: 3
  m_FogDensity: 0.01
  m_LinearFogStart: 0
  m_LinearFogEnd: 300
  m_AmbientSkyColor: {r: 0.212, g: 0.227, b: 0.259, a: 1}
  m_AmbientEquatorColor: {r: 0.114, g: 0.125, b: 0.133, a: 1}
  m_AmbientGroundColor: {r: 0.047, g: 0.043, b: 0.035, a: 1}
  m_AmbientIntensity: 1
  m_AmbientMode: 3
  m_SkyboxMaterial: {fileID: 0}
  m_HaloStrength: 0.5
  m_FlareStrength: 1
  m_FlareFadeSpeed: 3
  m_HaloTexture: {fileID: 0}
  m_SpotCookie: {fileID: 10001, guid: 0000000000000000e000000000000000, type: 0}
  m_DefaultReflectionMode: 0
  m_DefaultReflectionResolution: 128
  m_ReflectionBounces: 1
  m_ReflectionIntensity: 1
  m_CustomReflection: {fileID: 0}
  m_Sun: {fileID: 0}
  m_IndirectSpecularColor: {r: 0, g: 0, b: 0, a: 1}
--- !u!157 &3
LightmapSettings:
  m_ObjectHideFlags: 0
  serializedVersion: 7
  m_GIWorkflowMode: 1
  m_GISettings:
    serializedVersion: 2
    m_BounceScale: 1
    m_IndirectOutputScale: 1
    m_AlbedoBoost: 1
    m_TemporalCoherenceThreshold: 1
    m_EnvironmentLightingMode: 0
    m_EnableBakedLightmaps: 0
    m_EnableRealtimeLightmaps: 0
  m_LightmapEditorSettings:
    serializedVersion: 4
    m_Resolution: 2
    m_BakeResolution: 40
    m_TextureWidth: 1024
    m_TextureHeight: 1024
    m_AO: 0
    m_AOMaxDistance: 1
    m_CompAOExponent: 0
    m_CompAOExponentDirect: 0
    m_Padding: 2
    m_LightmapParameters: {fileID: 0}
    m_LightmapsBakeMode: 1
    m_TextureCompression: 1
    m_DirectLightInLightProbes: 1
    m_FinalGather: 0
    m_FinalGatherFiltering: 1
    m_FinalGatherRayCount: 1024
    m_ReflectionCompression: 2
  m_LightingDataAsset: {fileID: 0}
  m_RuntimeCPUUsage: 25
--- !u!196 &4
NavMeshSettings:
  serializedVersion: 2
  m_ObjectHideFlags: 0
  m_BuildSettings:
    serializedVersion: 2
    agentTypeID: 0
    agentRadius: 0.5
    agentHeight: 2
    agentSlope: 45
    agentClimb: 0.4
    ledgeDropHeight: 0
    maxJumpAcrossDistance: 0
    minRegionArea: 2
    manualCellSize: 0
    cellSize: 0.16666667
    accuratePlacement: 0
  m_NavMeshData: {fileID: 0}
--- !u!1001 &100311482
Prefab:
  m_ObjectHideFlags: 0
  serializedVersion: 2
  m_Modification:
    m_TransformParent: {fileID: 0}
    m_Modifications:
    - target: {fileID: 483322, guid: d893bbd7a50712e40867227243861ff5, type: 2}
      propertyPath: m_LocalPosition.x
      value: 0
      objectReference: {fileID: 0}
    - target: {fileID: 483322, guid: d893bbd7a50712e40867227243861ff5, type: 2}
      propertyPath: m_LocalPosition.y
      value: 0
      objectReference: {fileID: 0}
    - target: {fileID: 483322, guid: d893bbd7a50712e40867227243861ff5, type: 2}
      propertyPath: m_LocalPosition.z
      value: 0
      objectReference: {fileID: 0}
    - target: {fileID: 483322, guid: d893bbd7a50712e40867227243861ff5, type: 2}
      propertyPath: m_LocalRotation.x
      value: 0
      objectReference: {fileID: 0}
    - target: {fileID: 483322, guid: d893bbd7a50712e40867227243861ff5, type: 2}
      propertyPath: m_LocalRotation.y
      value: 0
      objectReference: {fileID: 0}
    - target: {fileID: 483322, guid: d893bbd7a50712e40867227243861ff5, type: 2}
      propertyPath: m_LocalRotation.z
      value: 0
      objectReference: {fileID: 0}
    - target: {fileID: 483322, guid: d893bbd7a50712e40867227243861ff5, type: 2}
      propertyPath: m_LocalRotation.w
      value: 1
      objectReference: {fileID: 0}
    - target: {fileID: 483322, guid: d893bbd7a50712e40867227243861ff5, type: 2}
      propertyPath: m_RootOrder
      value: 4
      objectReference: {fileID: 0}
    m_RemovedComponents: []
  m_ParentPrefab: {fileID: 100100000, guid: d893bbd7a50712e40867227243861ff5, type: 2}
  m_IsPrefabParent: 0
--- !u!1 &179290087
GameObject:
  m_ObjectHideFlags: 0
  m_PrefabParentObject: {fileID: 0}
  m_PrefabInternal: {fileID: 0}
  serializedVersion: 5
  m_Component:
  - component: {fileID: 179290092}
  - component: {fileID: 179290091}
  - component: {fileID: 179290090}
  - component: {fileID: 179290089}
  - component: {fileID: 179290088}
  m_Layer: 0
  m_Name: Main Camera
  m_TagString: MainCamera
  m_Icon: {fileID: 0}
  m_NavMeshLayer: 0
  m_StaticEditorFlags: 0
  m_IsActive: 1
--- !u!81 &179290088
AudioListener:
  m_ObjectHideFlags: 0
  m_PrefabParentObject: {fileID: 0}
  m_PrefabInternal: {fileID: 0}
  m_GameObject: {fileID: 179290087}
  m_Enabled: 1
--- !u!92 &179290089
Behaviour:
  m_ObjectHideFlags: 0
  m_PrefabParentObject: {fileID: 0}
  m_PrefabInternal: {fileID: 0}
  m_GameObject: {fileID: 179290087}
  m_Enabled: 1
--- !u!124 &179290090
Behaviour:
  m_ObjectHideFlags: 0
  m_PrefabParentObject: {fileID: 0}
  m_PrefabInternal: {fileID: 0}
  m_GameObject: {fileID: 179290087}
  m_Enabled: 1
--- !u!20 &179290091
Camera:
  m_ObjectHideFlags: 0
  m_PrefabParentObject: {fileID: 0}
  m_PrefabInternal: {fileID: 0}
  m_GameObject: {fileID: 179290087}
  m_Enabled: 1
  serializedVersion: 2
  m_ClearFlags: 2
  m_BackGroundColor: {r: 0.09803922, g: 0, b: 0.12941177, a: 0.019607844}
  m_NormalizedViewPortRect:
    serializedVersion: 2
    x: 0
    y: 0
    width: 1
    height: 1
  near clip plane: 0.3
  far clip plane: 1000
  field of view: 60
  orthographic: 1
  orthographic size: 3.8
  m_Depth: -1
  m_CullingMask:
    serializedVersion: 2
    m_Bits: 4294967295
  m_RenderingPath: -1
  m_TargetTexture: {fileID: 0}
  m_TargetDisplay: 0
  m_TargetEye: 3
  m_HDR: 0
  m_OcclusionCulling: 1
  m_StereoConvergence: 10
  m_StereoSeparation: 0.022
  m_StereoMirrorMode: 0
--- !u!224 &179290092
RectTransform:
  m_ObjectHideFlags: 0
  m_PrefabParentObject: {fileID: 0}
  m_PrefabInternal: {fileID: 0}
  m_GameObject: {fileID: 179290087}
  m_LocalRotation: {x: 0, y: 0, z: 0, w: 1}
  m_LocalPosition: {x: 0, y: 0, z: 0}
  m_LocalScale: {x: 1, y: 1, z: 1}
  m_Children: []
  m_Father: {fileID: 0}
  m_RootOrder: 3
  m_LocalEulerAnglesHint: {x: 0, y: 0, z: 0}
  m_AnchorMin: {x: 0.5, y: 0.5}
  m_AnchorMax: {x: 0.5, y: 0.5}
  m_AnchoredPosition: {x: 0, y: 0}
  m_SizeDelta: {x: 100, y: 100}
  m_Pivot: {x: 0.5, y: 0.5}
--- !u!1001 &588331446
Prefab:
  m_ObjectHideFlags: 0
  serializedVersion: 2
  m_Modification:
    m_TransformParent: {fileID: 0}
    m_Modifications:
    - target: {fileID: 22486690, guid: 85284ee31c9b2d84bac0ba4c7a8bbf30, type: 2}
      propertyPath: m_LocalPosition.x
      value: 0
      objectReference: {fileID: 0}
    - target: {fileID: 22486690, guid: 85284ee31c9b2d84bac0ba4c7a8bbf30, type: 2}
      propertyPath: m_LocalPosition.y
      value: 0
      objectReference: {fileID: 0}
    - target: {fileID: 22486690, guid: 85284ee31c9b2d84bac0ba4c7a8bbf30, type: 2}
      propertyPath: m_LocalPosition.z
      value: 0
      objectReference: {fileID: 0}
    - target: {fileID: 22486690, guid: 85284ee31c9b2d84bac0ba4c7a8bbf30, type: 2}
      propertyPath: m_LocalRotation.x
      value: 0
      objectReference: {fileID: 0}
    - target: {fileID: 22486690, guid: 85284ee31c9b2d84bac0ba4c7a8bbf30, type: 2}
      propertyPath: m_LocalRotation.y
      value: 0
      objectReference: {fileID: 0}
    - target: {fileID: 22486690, guid: 85284ee31c9b2d84bac0ba4c7a8bbf30, type: 2}
      propertyPath: m_LocalRotation.z
      value: 0
      objectReference: {fileID: 0}
    - target: {fileID: 22486690, guid: 85284ee31c9b2d84bac0ba4c7a8bbf30, type: 2}
      propertyPath: m_LocalRotation.w
      value: 1
      objectReference: {fileID: 0}
    - target: {fileID: 22486690, guid: 85284ee31c9b2d84bac0ba4c7a8bbf30, type: 2}
      propertyPath: m_RootOrder
      value: 0
      objectReference: {fileID: 0}
    - target: {fileID: 22486690, guid: 85284ee31c9b2d84bac0ba4c7a8bbf30, type: 2}
      propertyPath: m_AnchoredPosition.x
      value: 0
      objectReference: {fileID: 0}
    - target: {fileID: 22486690, guid: 85284ee31c9b2d84bac0ba4c7a8bbf30, type: 2}
      propertyPath: m_AnchoredPosition.y
      value: 0
      objectReference: {fileID: 0}
    - target: {fileID: 22486690, guid: 85284ee31c9b2d84bac0ba4c7a8bbf30, type: 2}
      propertyPath: m_SizeDelta.x
      value: 0
      objectReference: {fileID: 0}
    - target: {fileID: 22486690, guid: 85284ee31c9b2d84bac0ba4c7a8bbf30, type: 2}
      propertyPath: m_SizeDelta.y
      value: 0
      objectReference: {fileID: 0}
    - target: {fileID: 22486690, guid: 85284ee31c9b2d84bac0ba4c7a8bbf30, type: 2}
      propertyPath: m_AnchorMin.x
      value: 0
      objectReference: {fileID: 0}
    - target: {fileID: 22486690, guid: 85284ee31c9b2d84bac0ba4c7a8bbf30, type: 2}
      propertyPath: m_AnchorMin.y
      value: 0
      objectReference: {fileID: 0}
    - target: {fileID: 22486690, guid: 85284ee31c9b2d84bac0ba4c7a8bbf30, type: 2}
      propertyPath: m_AnchorMax.x
      value: 0
      objectReference: {fileID: 0}
    - target: {fileID: 22486690, guid: 85284ee31c9b2d84bac0ba4c7a8bbf30, type: 2}
      propertyPath: m_AnchorMax.y
      value: 0
      objectReference: {fileID: 0}
    - target: {fileID: 22486690, guid: 85284ee31c9b2d84bac0ba4c7a8bbf30, type: 2}
      propertyPath: m_Pivot.x
      value: 0
      objectReference: {fileID: 0}
    - target: {fileID: 22486690, guid: 85284ee31c9b2d84bac0ba4c7a8bbf30, type: 2}
      propertyPath: m_Pivot.y
      value: 0
      objectReference: {fileID: 0}
    - target: {fileID: 11499384, guid: 85284ee31c9b2d84bac0ba4c7a8bbf30, type: 2}
      propertyPath: m_OnClick.m_PersistentCalls.m_Calls.Array.data[0].m_Target
      value: 
      objectReference: {fileID: 1331476695}
    - target: {fileID: 11414206, guid: 85284ee31c9b2d84bac0ba4c7a8bbf30, type: 2}
      propertyPath: m_OnClick.m_PersistentCalls.m_Calls.Array.data[0].m_Target
      value: 
      objectReference: {fileID: 1331476695}
    - target: {fileID: 11499620, guid: 85284ee31c9b2d84bac0ba4c7a8bbf30, type: 2}
      propertyPath: m_OnClick.m_PersistentCalls.m_Calls.Array.data[0].m_Target
      value: 
      objectReference: {fileID: 1331476695}
    - target: {fileID: 11475068, guid: 85284ee31c9b2d84bac0ba4c7a8bbf30, type: 2}
      propertyPath: m_OnClick.m_PersistentCalls.m_Calls.Array.data[0].m_Target
      value: 
      objectReference: {fileID: 1331476695}
    - target: {fileID: 11448972, guid: 85284ee31c9b2d84bac0ba4c7a8bbf30, type: 2}
      propertyPath: m_OnClick.m_PersistentCalls.m_Calls.Array.data[0].m_Target
      value: 
      objectReference: {fileID: 1331476695}
    - target: {fileID: 11442846, guid: 85284ee31c9b2d84bac0ba4c7a8bbf30, type: 2}
      propertyPath: m_OnClick.m_PersistentCalls.m_Calls.Array.data[0].m_Target
      value: 
      objectReference: {fileID: 1331476695}
    - target: {fileID: 22334754, guid: 85284ee31c9b2d84bac0ba4c7a8bbf30, type: 2}
      propertyPath: m_Camera
      value: 
      objectReference: {fileID: 179290091}
    - target: {fileID: 22408928, guid: 85284ee31c9b2d84bac0ba4c7a8bbf30, type: 2}
      propertyPath: m_SizeDelta.x
      value: -23.533865
      objectReference: {fileID: 0}
    - target: {fileID: 22432520, guid: 85284ee31c9b2d84bac0ba4c7a8bbf30, type: 2}
      propertyPath: m_SizeDelta.x
      value: -26.44589
      objectReference: {fileID: 0}
    - target: {fileID: 22489274, guid: 85284ee31c9b2d84bac0ba4c7a8bbf30, type: 2}
      propertyPath: m_SizeDelta.x
      value: -35.094173
      objectReference: {fileID: 0}
    - target: {fileID: 22450850, guid: 85284ee31c9b2d84bac0ba4c7a8bbf30, type: 2}
      propertyPath: m_SizeDelta.x
      value: 252.85495
      objectReference: {fileID: 0}
    - target: {fileID: 22485230, guid: 85284ee31c9b2d84bac0ba4c7a8bbf30, type: 2}
      propertyPath: m_SizeDelta.x
      value: -35.09417
      objectReference: {fileID: 0}
    - target: {fileID: 22426148, guid: 85284ee31c9b2d84bac0ba4c7a8bbf30, type: 2}
      propertyPath: m_SizeDelta.x
      value: 241.44136
      objectReference: {fileID: 0}
    - target: {fileID: 22459642, guid: 85284ee31c9b2d84bac0ba4c7a8bbf30, type: 2}
      propertyPath: m_SizeDelta.x
      value: -36.840878
      objectReference: {fileID: 0}
    - target: {fileID: 22479268, guid: 85284ee31c9b2d84bac0ba4c7a8bbf30, type: 2}
      propertyPath: m_SizeDelta.x
      value: -29.943432
      objectReference: {fileID: 0}
    - target: {fileID: 22451442, guid: 85284ee31c9b2d84bac0ba4c7a8bbf30, type: 2}
      propertyPath: m_SizeDelta.y
      value: -80.29534
      objectReference: {fileID: 0}
    - target: {fileID: 22426148, guid: 85284ee31c9b2d84bac0ba4c7a8bbf30, type: 2}
      propertyPath: m_AnchorMin.y
      value: 1
      objectReference: {fileID: 0}
    - target: {fileID: 22426148, guid: 85284ee31c9b2d84bac0ba4c7a8bbf30, type: 2}
      propertyPath: m_AnchorMax.y
      value: 1
      objectReference: {fileID: 0}
    - target: {fileID: 22426148, guid: 85284ee31c9b2d84bac0ba4c7a8bbf30, type: 2}
      propertyPath: m_AnchoredPosition.x
      value: 1479.5386
      objectReference: {fileID: 0}
    - target: {fileID: 22426148, guid: 85284ee31c9b2d84bac0ba4c7a8bbf30, type: 2}
      propertyPath: m_AnchoredPosition.y
      value: -98.77147
      objectReference: {fileID: 0}
    - target: {fileID: 22426148, guid: 85284ee31c9b2d84bac0ba4c7a8bbf30, type: 2}
      propertyPath: m_SizeDelta.y
      value: 197.54294
      objectReference: {fileID: 0}
    - target: {fileID: 22450850, guid: 85284ee31c9b2d84bac0ba4c7a8bbf30, type: 2}
      propertyPath: m_AnchorMin.y
      value: 1
      objectReference: {fileID: 0}
    - target: {fileID: 22450850, guid: 85284ee31c9b2d84bac0ba4c7a8bbf30, type: 2}
      propertyPath: m_AnchorMax.y
      value: 1
      objectReference: {fileID: 0}
    - target: {fileID: 22450850, guid: 85284ee31c9b2d84bac0ba4c7a8bbf30, type: 2}
      propertyPath: m_AnchoredPosition.x
      value: 1935.436
      objectReference: {fileID: 0}
    - target: {fileID: 22450850, guid: 85284ee31c9b2d84bac0ba4c7a8bbf30, type: 2}
      propertyPath: m_AnchoredPosition.y
      value: -98.77147
      objectReference: {fileID: 0}
    - target: {fileID: 22450850, guid: 85284ee31c9b2d84bac0ba4c7a8bbf30, type: 2}
      propertyPath: m_SizeDelta.y
      value: 197.54294
      objectReference: {fileID: 0}
    - target: {fileID: 22440942, guid: 85284ee31c9b2d84bac0ba4c7a8bbf30, type: 2}
      propertyPath: m_AnchorMin.y
      value: 1
      objectReference: {fileID: 0}
    - target: {fileID: 22440942, guid: 85284ee31c9b2d84bac0ba4c7a8bbf30, type: 2}
      propertyPath: m_AnchorMax.y
      value: 1
      objectReference: {fileID: 0}
    - target: {fileID: 22440942, guid: 85284ee31c9b2d84bac0ba4c7a8bbf30, type: 2}
      propertyPath: m_AnchoredPosition.x
      value: 156.94873
      objectReference: {fileID: 0}
    - target: {fileID: 22440942, guid: 85284ee31c9b2d84bac0ba4c7a8bbf30, type: 2}
      propertyPath: m_AnchoredPosition.y
      value: -98.77147
      objectReference: {fileID: 0}
    - target: {fileID: 22440942, guid: 85284ee31c9b2d84bac0ba4c7a8bbf30, type: 2}
      propertyPath: m_SizeDelta.x
      value: 313.89746
      objectReference: {fileID: 0}
    - target: {fileID: 22440942, guid: 85284ee31c9b2d84bac0ba4c7a8bbf30, type: 2}
      propertyPath: m_SizeDelta.y
      value: 197.54294
      objectReference: {fileID: 0}
    - target: {fileID: 22499640, guid: 85284ee31c9b2d84bac0ba4c7a8bbf30, type: 2}
      propertyPath: m_AnchorMin.y
      value: 1
      objectReference: {fileID: 0}
    - target: {fileID: 22499640, guid: 85284ee31c9b2d84bac0ba4c7a8bbf30, type: 2}
      propertyPath: m_AnchorMax.y
      value: 1
      objectReference: {fileID: 0}
    - target: {fileID: 22499640, guid: 85284ee31c9b2d84bac0ba4c7a8bbf30, type: 2}
      propertyPath: m_AnchoredPosition.x
      value: 470.8462
      objectReference: {fileID: 0}
    - target: {fileID: 22499640, guid: 85284ee31c9b2d84bac0ba4c7a8bbf30, type: 2}
      propertyPath: m_AnchoredPosition.y
      value: -98.77147
      objectReference: {fileID: 0}
    - target: {fileID: 22499640, guid: 85284ee31c9b2d84bac0ba4c7a8bbf30, type: 2}
      propertyPath: m_SizeDelta.x
      value: 313.89746
      objectReference: {fileID: 0}
    - target: {fileID: 22499640, guid: 85284ee31c9b2d84bac0ba4c7a8bbf30, type: 2}
      propertyPath: m_SizeDelta.y
      value: 197.54294
      objectReference: {fileID: 0}
    - target: {fileID: 22447602, guid: 85284ee31c9b2d84bac0ba4c7a8bbf30, type: 2}
      propertyPath: m_AnchorMin.y
      value: 1
      objectReference: {fileID: 0}
    - target: {fileID: 22447602, guid: 85284ee31c9b2d84bac0ba4c7a8bbf30, type: 2}
      propertyPath: m_AnchorMax.y
      value: 1
      objectReference: {fileID: 0}
    - target: {fileID: 22447602, guid: 85284ee31c9b2d84bac0ba4c7a8bbf30, type: 2}
      propertyPath: m_AnchoredPosition.x
      value: 784.74365
      objectReference: {fileID: 0}
    - target: {fileID: 22447602, guid: 85284ee31c9b2d84bac0ba4c7a8bbf30, type: 2}
      propertyPath: m_AnchoredPosition.y
      value: -98.77147
      objectReference: {fileID: 0}
    - target: {fileID: 22447602, guid: 85284ee31c9b2d84bac0ba4c7a8bbf30, type: 2}
      propertyPath: m_SizeDelta.x
      value: 313.89746
      objectReference: {fileID: 0}
    - target: {fileID: 22447602, guid: 85284ee31c9b2d84bac0ba4c7a8bbf30, type: 2}
      propertyPath: m_SizeDelta.y
      value: 197.54294
      objectReference: {fileID: 0}
    - target: {fileID: 22450780, guid: 85284ee31c9b2d84bac0ba4c7a8bbf30, type: 2}
      propertyPath: m_AnchorMin.y
      value: 1
      objectReference: {fileID: 0}
    - target: {fileID: 22450780, guid: 85284ee31c9b2d84bac0ba4c7a8bbf30, type: 2}
      propertyPath: m_AnchorMax.y
      value: 1
      objectReference: {fileID: 0}
    - target: {fileID: 22450780, guid: 85284ee31c9b2d84bac0ba4c7a8bbf30, type: 2}
      propertyPath: m_AnchoredPosition.x
      value: 1098.6411
      objectReference: {fileID: 0}
    - target: {fileID: 22450780, guid: 85284ee31c9b2d84bac0ba4c7a8bbf30, type: 2}
      propertyPath: m_AnchoredPosition.y
      value: -98.77147
      objectReference: {fileID: 0}
    - target: {fileID: 22450780, guid: 85284ee31c9b2d84bac0ba4c7a8bbf30, type: 2}
      propertyPath: m_SizeDelta.x
      value: 313.89746
      objectReference: {fileID: 0}
    - target: {fileID: 22450780, guid: 85284ee31c9b2d84bac0ba4c7a8bbf30, type: 2}
      propertyPath: m_SizeDelta.y
      value: 197.54294
      objectReference: {fileID: 0}
    - target: {fileID: 22472514, guid: 85284ee31c9b2d84bac0ba4c7a8bbf30, type: 2}
      propertyPath: m_AnchoredPosition.y
      value: -0.25006104
      objectReference: {fileID: 0}
    - target: {fileID: 22489274, guid: 85284ee31c9b2d84bac0ba4c7a8bbf30, type: 2}
      propertyPath: m_AnchoredPosition.x
      value: 8.199997
      objectReference: {fileID: 0}
    - target: {fileID: 22489274, guid: 85284ee31c9b2d84bac0ba4c7a8bbf30, type: 2}
      propertyPath: m_AnchoredPosition.y
      value: -0.29999924
      objectReference: {fileID: 0}
    - target: {fileID: 22408928, guid: 85284ee31c9b2d84bac0ba4c7a8bbf30, type: 2}
      propertyPath: m_AnchoredPosition.y
      value: -1.757534
      objectReference: {fileID: 0}
    - target: {fileID: 22485230, guid: 85284ee31c9b2d84bac0ba4c7a8bbf30, type: 2}
      propertyPath: m_AnchoredPosition.x
      value: 0
      objectReference: {fileID: 0}
    - target: {fileID: 22455040, guid: 85284ee31c9b2d84bac0ba4c7a8bbf30, type: 2}
      propertyPath: m_AnchoredPosition.x
      value: 0.0000076293945
      objectReference: {fileID: 0}
    - target: {fileID: 22455040, guid: 85284ee31c9b2d84bac0ba4c7a8bbf30, type: 2}
      propertyPath: m_AnchoredPosition.y
      value: -0.19999695
      objectReference: {fileID: 0}
    - target: {fileID: 22412480, guid: 85284ee31c9b2d84bac0ba4c7a8bbf30, type: 2}
      propertyPath: m_AnchoredPosition.y
      value: -0.099998474
      objectReference: {fileID: 0}
    - target: {fileID: 22426024, guid: 85284ee31c9b2d84bac0ba4c7a8bbf30, type: 2}
      propertyPath: m_AnchoredPosition.y
      value: -0.40000153
      objectReference: {fileID: 0}
    - target: {fileID: 22471006, guid: 85284ee31c9b2d84bac0ba4c7a8bbf30, type: 2}
      propertyPath: m_AnchoredPosition.y
      value: 0.099990845
      objectReference: {fileID: 0}
    m_RemovedComponents: []
  m_ParentPrefab: {fileID: 100100000, guid: 85284ee31c9b2d84bac0ba4c7a8bbf30, type: 2}
  m_IsPrefabParent: 0
--- !u!114 &1234329296 stripped
MonoBehaviour:
  m_PrefabParentObject: {fileID: 11416870, guid: 85284ee31c9b2d84bac0ba4c7a8bbf30,
    type: 2}
  m_PrefabInternal: {fileID: 588331446}
  m_Script: {fileID: 11500000, guid: 89c2fcaef45da594e904304b09e33d5f, type: 3}
--- !u!1 &1331476693
GameObject:
  m_ObjectHideFlags: 0
  m_PrefabParentObject: {fileID: 0}
  m_PrefabInternal: {fileID: 0}
  serializedVersion: 5
  m_Component:
  - component: {fileID: 1331476694}
  - component: {fileID: 1331476695}
  m_Layer: 0
  m_Name: UIController
  m_TagString: Untagged
  m_Icon: {fileID: 0}
  m_NavMeshLayer: 0
  m_StaticEditorFlags: 0
  m_IsActive: 1
--- !u!4 &1331476694
Transform:
  m_ObjectHideFlags: 0
  m_PrefabParentObject: {fileID: 0}
  m_PrefabInternal: {fileID: 0}
  m_GameObject: {fileID: 1331476693}
  m_LocalRotation: {x: 0, y: 0, z: 0, w: 1}
  m_LocalPosition: {x: 2.5610976, y: -0.45741382, z: 8.425781}
  m_LocalScale: {x: 1, y: 1, z: 1}
  m_Children: []
  m_Father: {fileID: 0}
  m_RootOrder: 2
  m_LocalEulerAnglesHint: {x: 0, y: 0, z: 0}
--- !u!114 &1331476695
MonoBehaviour:
  m_ObjectHideFlags: 0
  m_PrefabParentObject: {fileID: 0}
  m_PrefabInternal: {fileID: 0}
  m_GameObject: {fileID: 1331476693}
  m_Enabled: 1
  m_EditorHideFlags: 0
  m_Script: {fileID: 11500000, guid: c0ed08599c475104c904e7364e950e95, type: 3}
  m_Name: 
  m_EditorClassIdentifier: 
  wonMeter: {fileID: 2088449298}
  lineBetMeter: {fileID: 1914389892}
  linesMeter: {fileID: 1520395661}
  betMeter: {fileID: 1521153902}
  creditMeter: {fileID: 1234329296}
--- !u!114 &1520395661 stripped
MonoBehaviour:
  m_PrefabParentObject: {fileID: 11409424, guid: 85284ee31c9b2d84bac0ba4c7a8bbf30,
    type: 2}
  m_PrefabInternal: {fileID: 588331446}
  m_Script: {fileID: 11500000, guid: 89c2fcaef45da594e904304b09e33d5f, type: 3}
--- !u!114 &1521153902 stripped
MonoBehaviour:
  m_PrefabParentObject: {fileID: 11444620, guid: 85284ee31c9b2d84bac0ba4c7a8bbf30,
    type: 2}
  m_PrefabInternal: {fileID: 588331446}
  m_Script: {fileID: 11500000, guid: 89c2fcaef45da594e904304b09e33d5f, type: 3}
--- !u!1 &1669617966
GameObject:
  m_ObjectHideFlags: 0
  m_PrefabParentObject: {fileID: 0}
  m_PrefabInternal: {fileID: 0}
  serializedVersion: 5
  m_Component:
  - component: {fileID: 1669617969}
  - component: {fileID: 1669617968}
  - component: {fileID: 1669617967}
  m_Layer: 0
  m_Name: EventSystem
  m_TagString: Untagged
  m_Icon: {fileID: 0}
  m_NavMeshLayer: 0
  m_StaticEditorFlags: 0
  m_IsActive: 1
--- !u!114 &1669617967
MonoBehaviour:
  m_ObjectHideFlags: 0
  m_PrefabParentObject: {fileID: 0}
  m_PrefabInternal: {fileID: 0}
  m_GameObject: {fileID: 1669617966}
  m_Enabled: 1
  m_EditorHideFlags: 0
  m_Script: {fileID: 1077351063, guid: f5f67c52d1564df4a8936ccd202a3bd8, type: 3}
  m_Name: 
  m_EditorClassIdentifier: 
  m_HorizontalAxis: Horizontal
  m_VerticalAxis: Vertical
  m_SubmitButton: Submit
  m_CancelButton: Cancel
  m_InputActionsPerSecond: 10
  m_RepeatDelay: 0.5
  m_ForceModuleActive: 0
--- !u!114 &1669617968
MonoBehaviour:
  m_ObjectHideFlags: 0
  m_PrefabParentObject: {fileID: 0}
  m_PrefabInternal: {fileID: 0}
  m_GameObject: {fileID: 1669617966}
  m_Enabled: 1
  m_EditorHideFlags: 0
  m_Script: {fileID: -619905303, guid: f5f67c52d1564df4a8936ccd202a3bd8, type: 3}
  m_Name: 
  m_EditorClassIdentifier: 
  m_FirstSelected: {fileID: 0}
  m_sendNavigationEvents: 1
  m_DragThreshold: 5
--- !u!4 &1669617969
Transform:
  m_ObjectHideFlags: 0
  m_PrefabParentObject: {fileID: 0}
  m_PrefabInternal: {fileID: 0}
  m_GameObject: {fileID: 1669617966}
  m_LocalRotation: {x: 0, y: 0, z: 0, w: 1}
  m_LocalPosition: {x: 0, y: 0, z: 0}
  m_LocalScale: {x: 1, y: 1, z: 1}
  m_Children: []
  m_Father: {fileID: 0}
  m_RootOrder: 1
  m_LocalEulerAnglesHint: {x: 0, y: 0, z: 0}
--- !u!114 &1914389892 stripped
MonoBehaviour:
  m_PrefabParentObject: {fileID: 11477850, guid: 85284ee31c9b2d84bac0ba4c7a8bbf30,
    type: 2}
  m_PrefabInternal: {fileID: 588331446}
  m_Script: {fileID: 11500000, guid: 89c2fcaef45da594e904304b09e33d5f, type: 3}
--- !u!114 &2088449298 stripped
MonoBehaviour:
  m_PrefabParentObject: {fileID: 11448712, guid: 85284ee31c9b2d84bac0ba4c7a8bbf30,
    type: 2}
  m_PrefabInternal: {fileID: 588331446}
  m_Script: {fileID: 11500000, guid: 89c2fcaef45da594e904304b09e33d5f, type: 3}
